@article{example,
  title={Example reference},
  author={Doe, Jane},
  journal={Journal of Examples},
  year={2024}
}
